% Tema 1
@misc{OWASP:website,
  author     = {{OWASP Foundation, Inc}},
  url        = {https://www.owasp.org/},
  title      = {The Open Web Application Security Project},
  year       = {2022},
  urldate    = {2022-11},
  annotation = {Página web principal del proyecto OWASP},
  keywords   = {T1,www,security,owasp}
}
@techreport{OWASP-TT:2013-es,
  author   = {{OWASP Foundation, Inc}},
  title    = {OWASP TOP 10},
  year     = {2013},
  language = {Castellano},
  url      = {https://owasp.org/www-pdf-archive/OWASP_Top_10_-_2013_Final_-_Español.pdf},
  file     = {pdfs/OWASP_Top_10_-_2013_Final_-_Espanol.pdf},
  keywords = {T1,www,security,owasp,owasptt}
}

@techreport{OWASP-TT:2013-en,
  author   = {{OWASP Foundation, Inc}},
  title    = {OWASP TOP 10},
  year     = {2013},
  language = {English},
  url      = {https://owasp.org/www-pdf-archive/OWASP_Top_10_-_2013.pdf},
  file     = {pdfs/OWASP_Top_10_-_2013.pdf},
  keywords = {T1,www,security,owasp,owasptt}
}

@techreport{OWASP-TT:2017-es,
  author   = {{OWASP Foundation, Inc}},
  title    = {OWASP TOP 10},
  year     = {2017},
  language = {Castellano},
  url      = {https://owasp.org/www-pdf-archive/OWASP-Top-10-2017-es.pdf},
  file     = {pdfs/OWASP-Top-10-2017-es.pdf},
  keywords = {T1,www,security,owasp,owasptt}
}

@techreport{OWASP-TT:2017-en,
  author   = {{OWASP Foundation, Inc}},
  title    = {OWASP TOP 10},
  year     = {2017},
  language = {English},
  url      = {https://owasp.org/www-pdf-archive/OWASP-Top-10-2017-en.pdf},
  file     = {pdfs/OWASP-Top-10-2017-en.pdf},
  keywords = {T1,www,security,owasp,owasptt}
}

@misc{OWASP-TT:2021,
  author   = {{OWASP Foundation, Inc}},
  title    = {OWASP TOP 10},
  year     = {2021},
  url      = {https://owasp.org/Top10/es/},
  urldate  = {2022-11},
  keywords = {T1,www,security,owasp,owasptt}
}

@misc{DVNA:github,
  author     = {{APPSECCO}},
  title      = {{Damn Vulnerable NodeJS Application (DVNA)}},
  year       = {2017},
  url        = {https://github.com/appsecco/dvna},
  urldate    = {2022-11},
  keywords   = {T1,Task1-2,Task1-3,www,security,owasp,owasptt,software},
  annotation = {Aplicación web implementada sobre NodeJS para revisar los OWASP Top Ten de 2013 y 2017}
}

@misc{ZAP:website,
  author     = {{OWASP Foundation, Inc}},
  title      = {Zed Attack Proxy (ZAP)},
  year       = {2022},
  url        = {https://www.zaproxy.org},
  urldate    = {2022-11},
  keywords   = {T1,Task1-3,www,security,ptesting,software},
  annotation = {Software para el testing de penetración que permite detectar las vulnerabilidades de una aplicación web}
}

% Tema 2

@article{Berners-Lee:IR-1992,
  doi       = {10.1108/eb047254},
  opturl    = {https://doi.org/10.1108/eb047254},
  year      = {1992},
  month     = {1},
  publisher = {Emerald},
  volume    = {2},
  number    = {1},
  pages     = {52--58},
  author    = {Tim Berners-Lee and Robert Cailliau and Jean-Fran{\c{c}}ois Groff and Bernd Pollermann},
  title     = {World-Wide Web: The Information Universe},
  journal   = {Internet Research},
  keywords  = {T2},
  file      = {pdfs/10-1108_eb047254.pdf}
}

@misc{HTTP:changes,
  author   = {{W3C}},
  title    = {{Change History for HTTP}},
  year     = {2004},
  url      = {https://www.w3.org/Protocols/History.html},
  urldate  = {2022-11},
  keywords = {T2}
}

@misc{HTTP2:definition,
  author   = {{Internet Engineering Task Force (IETF)}},
  title    = {{Hypertext Transfer Protocol Version 2 (HTTP/2)}},
  year     = {2015},
  url      = {https://datatracker.ietf.org/doc/html/rfc7540},
  urldate  = {2022-11},
  keywords = {T2}
}

@misc{HTTP3:definition,
  author   = {{Internet Engineering Task Force (IETF)}},
  title    = {{Hypertext Transfer Protocol Version 3 (HTTP/3): draft-ietf-quic-http-34}},
  year     = {2021},
  url      = {https://datatracker.ietf.org/doc/html/draft-ietf-quic-http-34},
  urldate  = {2022-11},
  keywords = {T2}
}

@misc{Netcraft:web-server-survey,
  author   = {{Netcraft Ltd}},
  title    = {{November 2022 Web Server Survey}},
  year     = {2022},
  month    = {11},
  url      = {https://news.netcraft.com/archives/category/web-server-survey/},
  urldate  = {2022-11},
  keywords = {T2}
}

@misc{Nginx:website,
  author   = {{F5, Inc.}},
  title    = {{Advanced Load Balancer, Web Server and Reverse Proxy - NGINX}},
  year     = {2022},
  url      = {https://www.nginx.com},
  urldate  = {2022-11},
  keywords = {T2}
}

@misc{Apache:website,
  author   = {{The Apache Software Foundation}},
  title    = {{The Apache HTTP Server Project}},
  year     = {2022},
  url      = {https://httpd.apache.org},
  urldate  = {2022-11},
  keywords = {T2}
}

@misc{Cloudfare:website,
  author   = {{Cloudflare, Inc.}},
  title    = {{¿Qué es Cloudflare?}},
  year     = {2022},
  url      = {https://www.cloudflare.com/es-es/what-is-cloudflare/},
  urldate  = {2022-11},
  keywords = {T2}
}


@misc{HTTPS:definition,
  author   = {{Internet Engineering Task Force (IETF)}},
  title    = {{HTTP Over TLS}},
  year     = {2000},
  url      = {https://datatracker.ietf.org/doc/html/rfc2818},
  urldate  = {2022-11},
  keywords = {T2}
}

@misc{TLS:version-1.2,
  author   = {{Internet Engineering Task Force (IETF)}},
  title    = {{The Transport Layer Security (TLS) Protocol Version 1.2}},
  year     = {2008},
  url      = {https://www.rfc-editor.org/rfc/rfc5246},
  urldate  = {2022-11},
  keywords = {T2}
}

@misc{TLS:version-1.3,
  author   = {{Internet Engineering Task Force (IETF)}},
  title    = {{The Transport Layer Security (TLS) Protocol Version 1.3}},
  year     = {2018},
  url      = {https://www.rfc-editor.org/rfc/rfc8446},
  urldate  = {2022-11},
  keywords = {T2}
}


@misc{Tomcat:website,
  author   = {{The Apache Software Foundation}},
  title    = {{The Apache Tomcat}},
  year     = {2022},
  url      = {https://tomcat.apache.org},
  urldate  = {2022-11},
  keywords = {T2}
}

@misc{WildFly:website,
  author   = {{Red Hat}},
  title    = {{WildFly}},
  year     = {2022},
  url      = {https://www.wildfly.org},
  urldate  = {2022-11},
  keywords = {T2}
}

@misc{MySQL:website,
  author   = {{Oracle}},
  title    = {{MySQL}},
  year     = {2022},
  url      = {https://www.mysql.com},
  urldate  = {2022-11},
  keywords = {T2}
}


% Tema 3
@misc{ToR:website,
  author   = {{The Tor Project, Inc}},
  url      = {https://www.torproject.org/},
  urldate  = {2022-12},
  title    = {{The Tor Project}},
  year     = {2006-2022},
  keywords = {T3}
}

@article{Garber:Computer-1999,
  doi       = {10.1109/mc.1999.769438},
  opturl    = {https://doi.org/10.1109/mc.1999.769438},
  year      = {1999},
  month     = {6},
  publisher = {Institute of Electrical and Electronics Engineers ({IEEE})},
  volume    = {32},
  number    = {6},
  pages     = {16--19},
  author    = {L. Garber},
  title     = {{Melissa Virus Creates a New Type of Threat}},
  journal   = {Computer},
  keywords  = {T3},
  file      = {pdfs/Melissa_Virus_Creates_a_New_Type_of_Threat.pdf}
}

@misc{Applets:website,
  author  = {Oracle},
  title   = {Applets},
  year    = {2022},
  url     = {https://www.oracle.com/java/technologies/applets.html},
  urldate = {2022-11}
}

@techreport{NIST:CVE-2005-2470,
  year     = {2005},
  type     = {{National Vulnerability Database}},
  number   = {CVE-2005-2470},
  author   = {{National Institute of Standards and Technology}},
  title    = {Buffer overflow in a core application plug-in for Adobe Reader 5.1 through 7.0.2 and Acrobat 5.0 through 7.0.2},
  url      = {https://nvd.nist.gov/vuln/detail/CVE-2005-2470},
  urldate  = {2022-11},
  keywords = {T3}
}

@misc{ECMA-262:standard-2022,
  author   = {{Ecma International}},
  title    = {{ECMAScript 2022 general-purpose programming language}},
  year     = {2022},
  month    = {6},
  url      = {https://www.ecma-international.org/publications-and-standards/standards/ecma-262/},
  urldate  = {2022-11},
  keywords = {T3}
}

@techreport{NIST:CVE-1999-0750,
  year     = {1999},
  type     = {{National Vulnerability Database}},
  number   = {CVE-1999-0750},
  author   = {{National Institute of Standards and Technology}},
  title    = {{Hotmail allows Javascript to be executed via the HTML STYLE tag, allowing remote attackers to execute commands on the user's Hotmail account}},
  url      = {https://nvd.nist.gov/vuln/detail/CVE-1999-0750},
  urldate  = {2022-11},
  keywords = {T3}
}

@misc{Chatterji:OWASP-2008,
  author   = {Chatterji, Samrat},
  title    = {{FLASH Security and Advanced CSRF}},
  year     = {2008},
  month    = {11},
  url      = {https://owasp.org/www-pdf-archive/FLASH_Security.pdf},
  urldate  = {2022-11},
  file     = {pdfs/FLASH_Security.pdf},
  keywords = {T3}
}

@misc{uMatrix:github,
  author   = {Hill, Raymond},
  url      = {https://github.com/gorhill/uMatrix},
  urldate  = {2022-11},
  title    = {{uMatrix}},
  year     = {2021},
  month    = {7},
  keywords = {T3}
}

@misc{V8:website,
  author   = {{Google}},
  url      = {https://v8.dev},
  urldate  = {2022-11},
  title    = {{V8 Javascript engine}},
  year     = {2008-2022},
  keywords = {T3}
}

@misc{SpiderMonkey:website,
  author   = {{Fundación Mozilla}},
  url      = {https://spidermonkey.dev},
  urldate  = {2022-11},
  title    = {{SpiderMonkey}},
  year     = {2022},
  keywords = {T3}
}

@misc{WebKit:website,
  author   = {{Apple Inc}},
  url      = {https://webkit.org},
  urldate  = {2022-11},
  title    = {{WebKit}},
  year     = {1998-2022},
  keywords = {T3}
}

@misc{Chromium:website,
  author   = {Google},
  title    = {{The Chromium Projects}},
  url      = {https://www.chromium.org/blink/},
  urldate  = {2022-11},
  year     = {2022},
  keywords = {T3}
}

@misc{Gecko:website,
  author   = {{Fundación Mozilla}},
  title    = {{Gecko}},
  url      = {https://wiki.mozilla.org/Gecko:Home_Page},
  urldate  = {2022-11},
  year     = {1997-2022},
  keywords = {T3}
}

@techreport{Cookies:IETF-2011,
  author      = {Barth, Adam},
  title       = {{HTTP State Management Mechanism}},
  type        = {{Internet Standards Track}},
  institution = {{Internet Engineering Task Force (IETF)}},
  year        = {2011},
  month       = {4},
  number      = {2070-1721},
  url         = {https://www.rfc-editor.org/rfc/rfc6265},
  urldate     = {2022-11},
  keywords    = {T3}
}

% Tema 4

@inproceedings{Wheeler:USENIX-2016,
  author    = {Wheeler, Daniel Lowe},
  title     = {Zxcvbn: Low-Budget Password Strength Estimation},
  year      = {2016},
  isbn      = {9781931971324},
  publisher = {USENIX Association},
  address   = {USA},
  booktitle = {Proceedings of the 25th USENIX Conference on Security Symposium},
  pages     = {157–173},
  numpages  = {17},
  location  = {Austin, TX, USA},
  series    = {SEC'16},
  url       = {https://www.usenix.org/system/files/conference/usenixsecurity16/sec16_paper_wheeler.pdf},
  file      = {pdfs/sec16_paper_wheeler.pdf},
  keywords  = {T4}
}

@misc{Django:auth,
  author   = {{Python Software Foundation}},
  title    = {{Django documentation: Using the Django authentication system}},
  year     = {2005-2022},
  url      = {https://docs.djangoproject.com/en/4.1/topics/auth/default/},
  urldate  = {2022-11},
  keywords = {T4}
}

@misc{Django:auth-tutorial,
  author   = {{Mozilla and individual contributors}},
  title    = {{Tutorial de Django Parte 8: Autenticación y permisos de Usuario}},
  month    = {7},
  year     = {2022},
  url      = {https://developer.mozilla.org/es/docs/Learn/Server-side/Django/Authentication},
  urldate  = {2022-11},
  keywords = {T4}
}

@misc{SonarQube:website,
  author       = {{SonarSource S.A}},
  title        = {{sonarQube: Code Quality and Code Security}},
  year         = {2008-2022},
  url = {https://www.sonarqube.org},
  urldate      = {2022-12},
  keywords = {T4}
}

@misc{sonarQube:EE-web,
  author  = {{SonarSource S.A}},
  url     = {https://www.sonarqube.org/enterprise-edition/},
  urldate = {2022-12},
  title   = {{sonarQube: Enterprise edition}},
  year    = {2022},
  keywords = {T4}
}

@misc{sonarQube:dockerized-oficial-deployment,
  author       = {Jordão, Ewerton},
  url          = {https://github.com/SonarSource/docker-sonarqube/blob/master/example-compose-files/sq-with-postgres/docker-compose.yml},
  title        = {{SonarSource: docker-sonarqube}},
  year         = {2022},
  month        = {8},
  urldate      = {2022-12},
  keywords = {T4}
}

@misc{sonarQube:dockerized-non-oficial-deployment,
  author  = {Leguizamón, Néstor Camilo},
  url     = {https://ncleguizamon.co/instalar-sonarqube-docker-compose/},
  title   = {{Instalar Sonarqube docker-compose}},
  year    = {2022},
  month   = {4},
  urldate = {2022-12},
  keywords = {T4}
}

@misc{proyecto:github,
  author = {Gutiérrez Aguado, Juan and Panach Navarrete, Ignacio and	Olanda Rodriguez, Ricardo and Peña-Ortiz, Raúl},
  url    = {https://github.com/rpenya/twcam-pls-plcv-mdps},
  title  = {{Front-end Angular + Back-end J2EE: Ejemplo de aplicación web de página única}},
  year   = {2022},
  urldate = {2022-12},
  keywords = {T4}
}

@misc{Maven:web,
  author  = {{The Apache Software Foundation}},
  title   = {{Apache Maven}},
  year    = {2022},
  url     = {https://maven.apache.org},
  urldate = {2022-12},
  keywords = {T4}
}

% Foro
@book{Peirano:Book-2015,
  title     = {El pequeño Libro Rojo del activista en la Red},
  author    = {Peirano, Marta},
  year      = {2015},
  publisher = {Rocal Editorial de Libros},
  isbn      = {9788499187778},
  keywords  = {Foro},
  file      = {epubs/Peirano_Marta-El_pequeno_Libro_Rojo_del_activista_en_la_Red.epub}
}

@article{Kaufman:IEEE-SEC-2009,
  doi       = {10.1109/msp.2009.87},
  opturl    = {https://doi.org/10.1109/msp.2009.87},
  year      = {2009},
  month     = {7},
  publisher = {Institute of Electrical and Electronics Engineers ({IEEE})},
  volume    = {7},
  number    = {4},
  pages     = {61--64},
  author    = {Lori M. Kaufman},
  title     = {Data Security in the World of Cloud Computing},
  journal   = {{IEEE} Security and Privacy},
  keywords  = {Foro},
  file      = {pdfs/Data_Security_in_the_World_of_Cloud_Computing.pdf}
}

@article{Orman:IEEE-SEC-2003,
  doi       = {10.1109/msecp.2003.1236233},
  opturl    = {https://doi.org/10.1109/msecp.2003.1236233},
  year      = {2003},
  month     = {9},
  publisher = {Institute of Electrical and Electronics Engineers ({IEEE})},
  volume    = {1},
  number    = {5},
  pages     = {35--43},
  author    = {H. Orman},
  title     = {The Morris worm: a fifteen-year perspective},
  journal   = {{IEEE} Security and Privacy},
  keywords  = {Foro},
  file      = {pdfs/The_Morris_worm_a_fifteen-year_perspective.pdf}
}

@article{Furnell:OUP-2019,
  doi       = {10.1093/itnow/bwz013},
  opturl    = {https://doi.org/10.1093/itnow/bwz013},
  year      = {2019},
  publisher = {{Oxford University Press ({OUP})}},
  volume    = {61},
  number    = {1},
  pages     = {32--33},
  author    = {Furnell, Steven  and Spafford, Eugene H},
  title     = {The Morris Worm at 30},
  journal   = {{ITNOW}},
  keywords  = {Foro},
  file      = {pdfs/bwz013.pdf}
}

@inproceedings{Mowery:CCSW-2012,
  doi       = {10.1145/2381913.2381917},
  opturl    = {https://doi.org/10.1145/2381913.2381917},
  year      = {2012},
  publisher = {{ACM} Press},
  author    = {Keaton Mowery and Sriram Keelveedhi and Hovav Shacham},
  title     = {Are {AES} x86 cache timing attacks still feasible?},
  booktitle = {{Proceedings of the 2012 {ACM} Workshop on Cloud computing security workshop - CCSW'12}},
  keywords  = {Foro},
  file      = {pdfs/2381913.2381917.pdf}
}

@techreport{Mell:NIST-SP-800-145,
  doi       = {10.6028/nist.sp.800-145},
  opturl    = {https://doi.org/10.6028/nist.sp.800-145},
  year      = {2011},
  type      = {{NIST Special Publication}},
  number    = {800-145},
  publisher = {National Institute of Standards and Technology},
  author    = {Mell, Peter and Grance, Timothy},
  title     = {The {NIST} definition of cloud computing},
  keywords  = {Foro},
  file      = {pdfs/nistspecialpublication800-145.pdf}
}

@techreport{McAfee:Amenazas-2021,
  url        = {https://www.mcafee.com/enterprise/es-mx/assets/reports/rp-quarterly-threats-apr-2021.pdf},
  year       = {2020},
  month       = {4},
  publisher  = {McAfee},
  author     = {Beek, Christiaan and Carroll, Eoin  and Cashman, Mo  and Chandana, Sandeep  and   Fokker, John  and Gaffney, Melissa  and Grobman, Steve   and Holden, Tracy and Hux, Tim  and McKee, Douglas and Munson, Lee and Palm, Chris and Polzer, Tim and Roccia, Thomas and Samani, Raj and Schmugar, Craig},
  title      = {{Informe de McAfee Labs sobre amenazas}},
  keywords   = {Foro},
  file       = {pdfs/rp-quarterly-threats-apr-2021.pdf},
  annotation = {Referencia propuesta por Adrian Vaello Perez \textcolor{magenta}{\faAngellist{}}}
}

@article{Aftergood:Nature-2017,
  doi       = {10.1038/547030a},
  opturl    = {https://doi.org/10.1038/547030a},
  year      = {2017},
  month     = {7},
  publisher = {Springer Science and Business misc {LLC}},
  volume    = {547},
  number    = {7661},
  pages     = {30--31},
  author    = {Aftergood, Steven},
  title     = {{Cybersecurity: The cold war online}},
  journal   = {Nature},
  keywords  = {Foro},
  file      = {pdfs/547030a.pdf}
}

@article{Benavides:CT-2020,
  doi        = {10.18779/cyt.v13i1.357},
  opturl     = {https://doi.org/10.18779/cyt.v13i1.357},
  year       = {2020},
  month      = {6},
  publisher  = {{Universidad Tecnica Estatal de Quevedo}},
  volume     = {13},
  number     = {1},
  pages      = {97--104},
  author     = {Benavides,Eduardo and Fuertes, Walter and Sanchez, Sandra},
  title      = {Caracterización de los ataques de phishing y técnicas para mitigarlos. Ataques: una revisión sistemática de la literatura},
  journal    = {Ciencia y Tecnología},
  keywords   = {Foro},
  file       = {pdfs/Benavides-2020.pdf},
  annotation = {Referencia propuesta por Jaime Yefi Verdugo \textcolor{magenta}{\faAngellist{}}}
}

@inproceedings{Boldyreva:PCSF-2018,
  doi        = {10.15405/epsbs.2018.12.02.10},
  opturl     = {https://doi.org/10.15405/epsbs.2018.12.02.10},
  year       = {2018},
  month      = {12},
  publisher  = {Cognitive-Crcs},
  author     = {Boldyreva, Elena L.  and Grishina, Natalia Y. and  Duisembina, Yekaterina},
  title      = {{Cambridge Analytica: Ethics And Online Manipulation With Decision-Making Process}},
  booktitle  = {The European Proceedings of Social and Behavioural Sciences},
  keywords   = {Foro},
  annotation = {Referencia propuesta por Jaime Yefi Verdugo \textcolor{magenta}{\faAngellist{}}},
  file       = {pdfs/Cambridge_Analytica_Ethics_And_Online_Manipulation.pdf}
}

@article{AguileraBorjas:Espergesia-2020,
  doi        = {10.18050/esp.2014.v7i2.2688},
  opturl     = {https://doi.org/10.18050/esp.2014.v7i2.2688},
  year       = {2020},
  month      = {12},
  publisher  = {Universidad Cesar Vallejo},
  volume     = {7},
  number     = {2},
  pages      = {33--45},
  author     = {Aguilera Borjas, Madelín and Aguilera Almaguer, Osmany  and Pérez Alí Osmán, Edilberto de Jesús},
  title      = {Aproximación a la ética informática en la Educación Superior},
  journal    = {Espergesia},
  keywords   = {Foro},
  annotation = {Referencia propuesta por Jaime Yefi Verdugo \textcolor{magenta}{\faAngellist{}}},
  file       = {pdfs/Espergesia.pdf}
}

@incollection{Preci:ISACA-2022,
  author     = {Preçi, Ejona and Gregory, Peter H.},
  title      = {{SaaS Security Risk and Challenges}},
  booktitle  = {{INDUSTRY NEWS}},
  publisher  = {{ISACA}},
  year       = {2022},
  month      = {7},
  url        = {https://www.isaca.org/resources/news-and-trends/industry-news/2022/saas-security-risk-and-challenges},
  urldate    = {2022-11},
  annotation = {Referencia propuesta por Felipe Valencia Bacca \textcolor{magenta}{\faAngellist{}}},
  keywords   = {Foro}
}

@inproceedings{Weil:COMPSAC-2019,
  doi       = {10.1109/compsac.2019.00083},
  opturl    = {https://doi.org/10.1109/compsac.2019.00083},
  year      = {2019},
  month     = {7},
  publisher = {{IEEE}},
  author    = {Weil, Timothy},
  title     = {{Risk Assessment Methods for Cloud Computing Platforms}},
  booktitle = {2019 {IEEE} 43rd Annual Computer Software and Applications Conference ({COMPSAC})},
  keywords  = {Foro},
  file      = {pdfs/Risk_Assessment_Methods_for_Cloud_Computing_Platforms.pdf}
}

@techreport{Katz:Akamai-2022-T1,
  author      = {Katz, Or and Black, Jim},
  institution = {Akamai},
  title       = {{Tráfico de DNS de Akamai: Informe sobre amenazas}},
  version     = {Primer Trimestre},
  year        = {2022},
  url         = {https://www.akamai.com/es/resources/research-paper/akamai-dns-traffic-insights-threat-report},
  keywords    = {Foro},
  file        = {pdfs/akamai-dns-traffic-insights-threat-report-q1-22.pdf},
  annotation  = {Referencia propuesta por Felipe Valencia Bacca \textcolor{magenta}{\faAngellist{}}}
}

@techreport{Katz:Akamai-2022-T2,
  author      = {Katz, Or and Black, Jim},
  institution = {Akamai},
  title       = {{Tráfico de DNS de Akamai: Informe sobre amenazas}},
  version     = {Segundo Trimestre},
  year        = {2022},
  url         = {https://www.akamai.com/es/blog/security-research/q2-dns-akamai-insights},
  urldate     = {2022-11},
  keywords    = {Foro},
  annotation  = {Referencia propuesta por Felipe Valencia Bacca \textcolor{magenta}{\faAngellist{}}}
}

@techreport{Katz:Akamai-2022-T3,
  author      = {Katz, Or},
  institution = {Akamai},
  title       = {{Tráfico de DNS de Akamai: Informe sobre amenazas}},
  version     = {Tercer Trimestre},
  year        = {2022},
  url         = {https://www.akamai.com/es/blog/security-research/dns-threat-report-q3-2022},
  urldate     = {2022-11},
  keywords    = {Foro},
  annotation  = {Referencia propuesta por Felipe Valencia Bacca \textcolor{magenta}{\faAngellist{}}}
}

@inproceedings{Juels:SIGSAC-2013,
  doi        = {10.1145/2508859.2516671},
  opturl     = {https://doi.org/10.1145/2508859.2516671},
  year       = {2013},
  publisher  = {{ACM Press}},
  author     = {Juels,Ari and Rivest, Ronald L.},
  title      = {{Honeywords: Making Password-Cracking Detectable}},
  booktitle  = {{Proceedings of the 2013 ACM SIGSAC conference on Computer and communications security}},
  keywords   = {Foro},
  file       = {pdfs/2508859.2516671.pdf},
  annotation = {Referencia propuesta por Felipe Valencia Bacca \textcolor{magenta}{\faAngellist{}}}
}

@techreport{Mell:NIST.SP.800-51,
  doi       = {10.6028/NIST.SP.800-51},
  year      = {2002},
  month       = {9},
  type      = {{NIST Special Publication}},
  number    = {800-51},
  publisher = {National Institute of Standards and Technology},
  author    = {Mell, Peter and Grance, Timothy},
  title     = {{Use of the Common Vulnerabilities and Exposures (CVE) Vulnerability Naming Scheme}},
  file = {pdfs/nistspecialpublication800-51.pdf},
  keywords  = {Foro},
  annotation = {Referencia propuesta por Felipe Valencia Bacca \textcolor{magenta}{\faAngellist{}}}
}

@misc{CSIRT-CV:website,
  author       = {{Generalitat Valenciana}},
  url = {https://www.csirtcv.gva.es},
  title        = {{CSIRT-CV: Centro de Seguridad TIC de la Comunidad Valenciana}},
  year         = {2021},
  urldate      = {2022-12},
  keywords  = {Foro}
}

@article{Islas:Entretextos-2015,
  title        = {Cifras sobre jóvenes y redes sociales en México},
  url          = {https://revistasacademicas.iberoleon.mx/index.php/entretextos/article/view/484},
  number       = {19},
  journal      = {Entretextos},
  author       = {Islas, Octavio},
  year         = {2015},
  month        = {4},
  keywords  = {Foro},
  annotation = {Referencia propuesta por Andoni Salcedo Navarro \textcolor{magenta}{\faAngellist{}}},
  file = {pdfs/02-1-10-20220512.pdf}
}

@article{HernandezPerez:Profesional-2016,
  doi       = {10.3145/epi.2016.jul.01},
  OPTurl       = {https://doi.org/10.3145/epi.2016.jul.01},
  year      = {2016},
  month     = jul,
  publisher = {{Ediciones Profesionales de la Informacion SL}},
  volume    = {25},
  number    = {4},
  pages     = {517},
  author    = {Hernández-Pérez, Tony},
  title     = {En la era de la web de los datos: primero datos abiertos, después datos masivos},
  journal   = {El Profesional de la Información},
  keywords  = {Foro},
  file = {pdfs/150283-1-10-20160728.pdf},
  annotation = {Referencia propuesta por Andoni Salcedo Navarro \textcolor{magenta}{\faAngellist{}}}
}

@book{SuarezSanchez-Ocana:Book-2012,
  title     = {{Desnudando a Google}},
  author    = {Suárez Sánchez-Ocaña, Alejandro},
  year      = {2012},
  publisher = {Deusto},
  isbn      = {978-8423428625},
  keywords  = {Foro},
  file      = {epubs/SuarezSanchez-Ocana_Alejandro-Desnudando_a_Google.epub}
}

@incollection{Wen:LNICSSITE-2020,
  doi       = {10.1007/978-3-030-63086-7_17},
  OPTurl       = {https://doi.org/10.1007/978-3-030-63086-7_17},
  year      = {2020},
  publisher = {{Springer International Publishing}},
  pages     = {297--317},
  author    = {Wen, Haohuang and Zhao, Qingchuan and Lin, Zhiqiang and Xuan, Dong and Shroff, Ness},
  title     = {{A Study of the Privacy of {COVID}-19 Contact Tracing Apps}},
  booktitle = {{Lecture Notes of the Institute for Computer Sciences,  Social Informatics and Telecommunications Engineering}},
   keywords  = {Foro},
   file      = {pdfs/978-3-030-63086-7.pdf}
}

@article{Zhang:ijics-2022,
  doi       = {10.1504/ijics.2022.127169},
  OPTurl       = {https://doi.org/10.1504/ijics.2022.127169},
  year      = {2022},
  publisher = {Inderscience Publishers},
  volume    = {19},
  number    = {3/4},
  pages     = {402},
  author    = {Zhang, Xichen and Yadollahi, Mohammad Mehdi  and Dadkhah,Sajjad  and Isah, Haruna  and Le,Duc-Phong  and Ghorbani, Ali A.},
  title     = {Data breach: analysis,  countermeasures and challenges},
  journal   = {{International Journal of Information and Computer Security}},
   keywords  = {Foro},
}

@inproceedings{Oesch:USS-2020,
  author          = {Oesch, Sean and Ruoti, Scott},
  booktitle       = {{Proceedings of the 29th USENIX Security Symposium}},
  editor          = {{USENIX Association}},
  title           = {{That Was Then, This Is Now: A Security Evaluation of Password Generation, Storage, and Autofill in Browser-Based Password Managers}},
  year            = {2020},
  month           = {8},
  url             = {https://www.usenix.org/system/files/sec20-oesch_0.pdf},
  keywords        = {Foro},
  file            = {pdfs/sec20-oesch_0.pdf},
  annotation = {Referencia propuesta por Benito Luongo Vegas \textcolor{magenta}{\faAngellist{}}}
}

@inproceedings{Agarwal:SP-2022,
  author    = {Agarwal, Ayush and O’Connell, Sioli and Kim, Jason and Yehezkel, Shaked and Genkin, Daniel and Ronen, Eyal and Yarom, Yuval},
  booktitle = {{IEEE Symposium on Security and Privacy}},
  title     = {{Spook.js: Attacking Chrome Strict Site Isolation via Speculative Execution}},
  year      = {2022},
  month     = {5},
  pages     = {699-715},
  doi       = {10.1109/SP46214.2022.9833711},
  keywords        = {Foro},
  file            = {pdfs/Spook.js_Attacking_Chrome_Strict_Site_Isolation_via_Speculative_Execution.pdf},
  annotation = {Referencia propuesta por Benito Luongo Vegas \textcolor{magenta}{\faAngellist{}}}
}

@article{Morris:Communications-1979,
  doi       = {10.1145/359168.359172},
  OPTurl       = {https://doi.org/10.1145/359168.359172},
  year      = {1979},
  month     = {11},
  publisher = {{Association for Computing Machinery (ACM)}},
  volume    = {22},
  number    = {11},
  pages     = {594--597},
  author    = {Morris, Robert and Thompson, Ken},
  title     = {{Password security: A Case History}},
  journal   = {Communications of the {ACM}},
  keywords  = {Foro},
  annotation = {Referencia propuesta por Andoni Salcedo Navarro \textcolor{magenta}{\faAngellist{}}},
  file = {pdfs/359168.359172}
}

@misc{INCIBE:log4j,
  author       = {{INCIBE}},
  title        = {{Log4Shell: análisis de vulnerabilidades en Log4j}},
  year         = {2022},
  month        = {2},
  url          = {https://www.incibe-cert.es/blog/log4shell-analisis-vulnerabilidades-log4j},
  urldate      = {2022-12},
  keywords  = {Foro},
}

@misc{CERT:log4j,
  author   = {{GovCERT}},
  title    = {{Zero-Day Exploit Targeting Popular Java Library Log4j}},
  year     = {2021},
  month    = {12},
  url      = {https://www.govcert.ch/blog/zero-day-exploit-targeting-popular-java-library-log4j/},
  urldate  = {2022-12},
  keywords = {Foro}
}

@techreport{NIST:CVE-2021-44228,
  year       = {2021},
  type       = {{National Vulnerability Database}},
  number     = {CVE-2021-44228},
  author     = {{National Institute of Standards and Technology}},
  title      = {{Apache Log4j2 2.0-beta9 through 2.15.0 JNDI features used in configuration, log messages, and parameters do not protect against attacker controlled LDAP and other JNDI related endpoints}},
  url        = {https://nvd.nist.gov/vuln/detail/CVE-2021-44228},
  urldate    = {2022-12},
  keywords   = {Foro},
  annotation = {Referencia propuesta por Luis Fernando Jaen Pincay \textcolor{magenta}{\faAngellist{}}}
}

@techreport{Marczak:CLRR-2018,
  author      = {Marczak, Bill amd Scott-Railton, John and McKune, Sarah and Abdul Razzak,Bahr and  Deibert, Ron},
  institution = {{University of Toronto}},
  title       = {{Hide and Seek: Tracking NSO Group’s Pegasus Spyware to Operations in 45 Countries}},
  year        = {2018},
  month       = {9},
  type        = {Citizen Lab Research Report},
  number      = {113},
  url = {https://nsarchive.gwu.edu/sites/default/files/documents/r95u3s-6c1oa/CitizenLabReport.pdf},
  keywords   = {Foro},
  file = {pdfs/CitizenLabReport.pdf},
  annotation = {Referencia propuesta por   Luis Fernando Jaen Pincay \textcolor{magenta}{\faAngellist{}}},
}

@inproceedings{Rudie:ICCSCI-2021,
  author    = {Rudie, JD and Katz, Zach and Kuhbander, Sam and Bhunia, Suman},
  booktitle = {International Conference on Computational Science and Computational Intelligence},
  title     = {{Technical Analysis of the NSO Group's Pegasus Spyware}},
  year      = {2021},
  pages     = {747-752},
  doi       = {10.1109/CSCI54926.2021.00188},
  keywords   = {Foro},
  file = {pdfs/Technical_Analysis_of_the_NSO_Groups_Pegasus_Spyware.pdf},
  annotation = {Referencia propuesta por   Luis Fernando Jaen Pincay \textcolor{magenta}{\faAngellist{}}},
}

@article{Soltero:RITI-2019,
  author          = {Román Soltero, Alberto Rafael and Luna Bautista, Verónica and Sarabia Ramos Ramos, Román and Lechuga Salais, Álvaro David and Hernández Carrasco, Ricardo and Rodríguez Olivares, Noé Amir},
  journal         = {{Revista de Investigación en Tecnologías de la Información: RITI}},
  number          = {4},
  title           = {{Análisis ético de la información en el escándalo Pegasus}},
  volume          = {7},
  year            = {2019},
  issn            = {2387-0893},
  doi             = {10.36825/RITI.07.14.003},
  url             = {https://dialnet.unirioja.es/descarga/articulo/7237676.pdf},
  keywords   = {Foro},
  file = {pdfs/Dialnet-AnalisisEticoDeLaInformacionEnElEscandaloPegasus-7237676.pdf},
  annotation = {Referencia propuesta por  Luis Fernando Jaen Pincay \textcolor{magenta}{\faAngellist{}}}
}

@techreport{MITRE:CAPEC-693,
  year     = {2022},
  month    = {9},
  type     = {{Common Attack Pattern Enumerations and Classifications (CAPEC)}},
  number   = {693},
  author   = {{The MITRE Corporation}},
  title    = {{CAPEC-693: StarJacking}},
  url      = {https://capec.mitre.org/data/definitions/693.html},
  urldate  = {2022-12},
  keywords = {Foro},
  annotation = {Referencia propuesta por Jose Pascual Martinez Folch \textcolor{magenta}{\faAngellist{}}}
}

@inproceedings{Khan:ICIC-2019,
  doi = {10.1109/icic48496.2019.8966739},
  OPTurl = {https://doi.org/10.1109/icic48496.2019.8966739},
  year = {2019},
  month = {11},
  publisher = {{IEEE}},
  author = {Khan, Abdul Ghaffar and Zahid, Amjad Hussain  and Hussain, Muzammil and Riaz, Usama},
  title = {Security Of Cryptocurrency Using Hardware Wallet And {QR} Code},
  booktitle = {International Conference on Innovative Computing ({ICIC})},
  keywords = {Foro},
  annotation = {Referencia propuesta por Luisa Fernanda Parra Rojas \textcolor{magenta}{\faAngellist{}}},
  file = {pdfs/Security_Of_Cryptocurrency_Using_Hardware_Wallet_And_QR_Code.pdf}
}

@inproceedings{Suratkar:ICCCSP-2020,
  doi       = {10.1109/icccsp49186.2020.9315193},
  OPTurl       = {https://doi.org/10.1109/icccsp49186.2020.9315193},
  year      = {2020},
  month     = {9},
  publisher = {{IEEE}},
  author    = {Suratkar, Saurabh and Shirole, Mahesh and Bhirud, Sunil},
  title     = {{Cryptocurrency Wallet: A Review}},
  booktitle = {{4th International Conference on Computer, Communication and Signal Processing (ICCCSP)}},
  keywords = {Foro},
  annotation = {Referencia propuesta por Luisa Fernanda Parra Rojas \textcolor{magenta}{\faAngellist{}}},
  file = {pdfs/Cryptocurrency_Wallet_A_Review.pdf}
}

@inproceedings{Zhu:PIC-2017,
  doi       = {10.1109/pic.2017.8359562},
  OPTurl       = {https://doi.org/10.1109/pic.2017.8359562},
  year      = {2017},
  month     = dec,
  publisher = {{IEEE}},
  author    = {Zhu, Fangdong and Chen, Wen and Wang, Yunpeng and Lin, Ping and Li, Tao and Cao, Xiaochun and Yuan, Long},
  title     = {{Trust your wallet: A new online wallet architecture for Bitcoin}},
  booktitle = {International Conference on Progress in Informatics and Computing ({PIC})},
  keywords = {Foro},
  annotation = {Referencia propuesta por Luisa Fernanda Parra Rojas \textcolor{magenta}{\faAngellist{}}},
  file = {pdfs/Trust_your_wallet_A_new_online_wallet_architecture_for_Bitcoin.pdf}
}

@techreport{CCN-CERT:BP-12,
  institution = {{Centro Criptológico Nacional}},
  title       = {{Buenas Prácticas en Cryptojacking}},
  year        = {2021},
  month       = {1},
  type        = {BP},
  number      = {12},
  url         = {https://www.ccn-cert.cni.es/informes/informes-de-buenas-practicas-bp/3474-ccn-cert-bp-12-cryptojacking-1/file.html},
  keywords = {Foro},
  annotation = {Referencia propuesta por Jose Pascual Martinez Folch \textcolor{magenta}{\faAngellist{}}},
  file = {pdfs/CCN-CERT_BP_12_Cryptojacking.pdf}
}

@mastersthesis{Sitanskiy:TFM-2019,
  author  = {Sitanskiy Igorevich, Stanislav},
  school  = {{Universitat Politècnica de València}},
  title   = {{Análisis de seguridad de los principales sistemas de criptomonedas}},
  year    = {2019},
  month   = {10},
  url = {http://hdl.handle.net/10251/128939},
  keywords = {Foro},
  annotation = {Referencia propuesta por Wilfredo Rene Paiz Paz \textcolor{magenta}{\faAngellist{}}},
}

@article{Salazar:EAC-2017,
  title        = {{Seguridad y protección de la Información en la Nube de Cómputo}},
  volume       = {6},
  url          = {https://revistas.unl.edu.ec/index.php/eac/article/view/275},
  number       = {1},
  journal      = {Educación, Arte, Comunicación: Revista Académica e Investigativa},
  author       = {Herrera Salazar, Valeria },
  year         = {2016},
  month        = {12},
  issn            = {1390-9029},
  issue           = {2602-8174},
  keywords = {Foro},
  annotation = {Referencia propuesta por Wilfredo Rene Paiz Paz \textcolor{magenta}{\faAngellist{}}},
}

@inproceedings{Nguyen:WCNC-2018,
  doi       = {10.1109/wcnc.2018.8376973},
  OPTurl       = {https://doi.org/10.1109/wcnc.2018.8376973},
  year      = {2018},
  month     = {4},
  publisher = {{IEEE}},
  author    = {Nguyen, Khoi Khac  and Hoang, Dinh Thai  and Niyato, Dusit  and Wang, Ping  and  Nguyen, Diep and Dutkiewicz, Eryk},
  title     = {{Cyberattack detection in mobile cloud computing: A deep learning approach}},
  booktitle = {{Wireless Communications and Networking Conference ({WCNC})}},
  keywords = {Foro},
  annotation = {Referencia propuesta por Victor Andres Acosta Espinosa \textcolor{magenta}{\faAngellist{}}},
  file = {pdfs/Cyberattack_detection_in_mobile_cloud_computing_A_deep_learning_approach.pdf}
}

@article{Rahman:IJIET-2020,
  doi       = {10.18178/ijiet.2020.10.5.1393},
  OPTurl       = {https://doi.org/10.18178/ijiet.2020.10.5.1393},
  year      = {2020},
  publisher = {{EJournal Publishing}},
  volume    = {10},
  number    = {5},
  pages     = {378--382},
  author    = {Rahman, Nurul Amirah Abdul and Sairi, Izzah Hanis and Zizi, Nurul Akma M. and Khalid, Fariza},
  title     = {{The Importance of Cybersecurity Education in School}},
  journal   = {{International Journal of Information and Education Technology}},
  keywords = {Foro},
  annotation = {Referencia propuesta por  Felipe Alejandro Valencia Bacca \textcolor{magenta}{\faAngellist{}}},
  file = {pdfs/1393-JR419.pdf}
}